@incollection{martins_access_2019,
title = {Access {Control} {Challenges} in {Enterprise} {Ecosystems}: {Blockchain}-{Based} {Technologies} as an {Opportunity} for {Enhanced} {Access} {Control}},
booktitle = {Global {Cyber} {Security} {Labor} {Shortage} and {International} {Business} {Risk}},
publisher = {IGI Global},
author = {Martins, Hugo Santos and Guerreiro, Sérgio Luís},
year = {2019},
note = {00000},
pages = {51--76},
file = {Martins_Guerreiro_2019_Access Control Challenges in Enterprise Ecosystems.pdf:/home/hmartins/Dropbox/Papers/Martins_Guerreiro_2019_Access Control Challenges in Enterprise Ecosystems.pdf:application/pdf}
}