% --------------------------------------------------------------
% Methods
%---------------------------------------------------------------
@article{hevner_design_2004,
	title = {Design {Science} in {Information} {Systems} {Research}},
	volume = {28},
	issn = {0276-7783},
	url = {http://dl.acm.org/citation.cfm?id=2017212.2017217},
	number = {1},
	journal = {MIS Q.},
	author = {Hevner, Alan R. and March, Salvatore T. and Park, Jinsoo and Ram, Sudha},
	month = mar,
	year = {2004},
	note = {00021},
	keywords = {business environment, creativity, design artifact, design science, experimental methods, information systems research methodologies, search strategies, technology infrastructure},
	pages = {75--105}
}

@article{peffers_design_2007,
	title = {A {Design} {Science} {Research} {Methodology} for {Information} {Systems} {Research}},
	volume = {24},
	issn = {0742-1222},
	url = {http://dx.doi.org/10.2753/MIS0742-1222240302},
	doi = {10.2753/MIS0742-1222240302},
	number = {3},
	journal = {J. Manage. Inf. Syst.},
	author = {Peffers, Ken and Tuunanen, Tuure and Rothenberger, Marcus and Chatterjee, Samir},
	month = dec,
	year = {2007},
	note = {03440},
	keywords = {Case Study, Design Science, Design Science Research, Design Theory, Mental Model, Methodology, Process Model},
	pages = {45--77}
}

@article{march_design_1995,
	title = {Design and {Natural} {Science} {Research} on {Information} {Technology}},
	volume = {15},
	issn = {0167-9236},
	url = {http://dx.doi.org/10.1016/0167-9236(94)00041-2},
	doi = {10.1016/0167-9236(94)00041-2},
	number = {4},
	journal = {Decis. Support Syst.},
	author = {March, Salvatore T. and Smith, Gerald F.},
	month = dec,
	year = {1995},
	note = {03816},
	keywords = {information technology, design science, information system research, natural science},
	pages = {251--266}
}

@article{winter_design_2008,
	title = {Design science research in {Europe}},
	volume = {17},
	issn = {1476-9344},
	url = {https://doi.org/10.1057/ejis.2008.44},
	doi = {10.1057/ejis.2008.44},
	number = {5},
	journal = {European Journal of Information Systems},
	author = {Winter, Robert},
	month = oct,
	year = {2008},
	note = {00426},
	pages = {470--475}
}