% --------------------------------------------------------------
% BPMN
%---------------------------------------------------------------

@online{BPMN,
  url = {http://www.bpmn.org/},
  date = {2018-09-12}
}



